@article{khan2014big,
  title     = {Big data: survey, technologies, opportunities, and challenges},
  author    = {Khan, Nawsher and Yaqoob, Ibrar and Hashem, Ibrahim Abaker Targio and Inayat, Zakira and Mahmoud Ali, Waleed Kamaleldin and Alam, Muhammad and Shiraz, Muhammad and Gani, Abdullah},
  journal   = {The scientific world journal},
  volume    = {2014},
  year      = {2014},
  publisher = {Hindawi}
}

@article{greengard2018weighing,
  title     = {Weighing the impact of GDPR},
  author    = {Greengard, Samuel},
  journal   = {Communications of the ACM},
  volume    = {61},
  number    = {11},
  pages     = {16--18},
  year      = {2018},
  publisher = {ACM New York, NY, USA}
}

@misc{historyGdpr,
  title        = {The history of the General Data Protection Regulation},
  author       = {{European Data Protection Supervisor}},
  howpublished = {\url{https://edps.europa.eu/data-protection/data-protection/legislation/history-general-data-protection-regulation_en}},
  note         = {[Accessed 09-Jun-2023]}
}

@misc{europeanParliamentGdprArticle5,
  title   = {Art. 5 GDPR - principles relating to processing of personal data},
  url     = {https://gdpr-info.eu/art-5-gdpr/},
  journal = {General Data Protection Regulation (GDPR)},
  author  = {{European Parliament and Council of The European Union}},
  year    = {2021},
  month   = {Oct},
  note    = {[Accessed 09-Jun-2023]}
}

@misc{europeanParliamentGdprArticle44,
  title   = {Art. 44 GDPR - General principle for transfers},
  url     = {https://gdpr-info.eu/art-44-gdpr/},
  journal = {General Data Protection Regulation (GDPR)},
  author  = {{European Parliament and Council of The European Union}},
  year    = {2021},
  month   = {Oct},
  note    = {[Accessed 09-Jun-2023]}
}

@phdthesis{mrevzar2023analysis,
  title  = {Analysis of fines under GDPR},
  author = {Mrevzar, Filip},
  year   = {2023},
  school = {University of Zagreb. Faculty of Law. Information Technology Law and Informatics}
}

@misc{fbMetaFinancials,
  author       = {{Meta Platforms, Inc.}},
  title        = {Meta - Financials},
  howpublished = {\url{https://investor.fb.com/financials/default.aspx}},
  year         = {2023},
  note         = {[Accessed 09-Jun-2023]}
}

@misc{enforcementtrackerGDPREnforcement,
  author       = {{CMS Legal Services EEIG}},
  title        = {GDPR Enforcement Tracker - list of GDPR fines},
  howpublished = {\url{https://www.enforcementtracker.com/}},
  year         = {2023},
  note         = {[Accessed 09-Jun-2023]}
}

@misc{prismaFlowchart,
  author       = {{Page MJ, McKenzie JE, Bossuyt PM, Boutron I, Hoffmann TC, Mulrow CD, et al.}},
  title        = {The PRISMA 2020 statement: an updated guideline for reporting systematic reviews.},
  howpublished = {\url{http://prisma-statement.org/prismastatement/flowdiagram.aspx}},
  year         = {2021},
  note         = {[Accessed 09-Jun-2023]}
}
